@article{wang2016auto,
  title={Auto-encoder based dimensionality reduction},
  author={Wang, Yasi and Yao, Hongxun and Zhao, Sicheng},
  journal={Neurocomputing},
  volume={184},
  pages={232--242},
  year={2016},
  publisher={Elsevier}
}
@article{lin2020deep,
  title={A deep adversarial variational autoencoder model for dimensionality reduction in single-cell RNA sequencing analysis},
  author={Lin, Eugene and Mukherjee, Sudipto and Kannan, Sreeram},
  journal={BMC bioinformatics},
  volume={21},
  number={1},
  pages={1--11},
  year={2020},
  publisher={BioMed Central}
}
@article{kingma2013auto,
  title={Auto-encoding variational bayes},
  author={Kingma, Diederik P and Welling, Max},
  journal={arXiv preprint arXiv:1312.6114},
  year={2013}
}
@inproceedings{mescheder2017adversarial,
  title={Adversarial variational bayes: Unifying variational autoencoders and generative adversarial networks},
  author={Mescheder, Lars and Nowozin, Sebastian and Geiger, Andreas},
  booktitle={International Conference on Machine Learning},
  pages={2391--2400},
  year={2017},
  organization={PMLR}
}
@inproceedings{higgins2017darla,
  title={Darla: Improving zero-shot transfer in reinforcement learning},
  author={Higgins, Irina and Pal, Arka and Rusu, Andrei and Matthey, Loic and Burgess, Christopher and Pritzel, Alexander and Botvinick, Matthew and Blundell, Charles and Lerchner, Alexander},
  booktitle={International Conference on Machine Learning},
  pages={1480--1490},
  year={2017},
  organization={PMLR}
}
@inproceedings{prakash2019use,
  title={On the use of deep autoencoders for efficient embedded reinforcement learning},
  author={Prakash, Bharat and Horton, Mark and Waytowich, Nicholas R and Hairston, William David and Oates, Tim and Mohsenin, Tinoosh},
  booktitle={Proceedings of the 2019 on Great Lakes Symposium on VLSI},
  pages={507--512},
  year={2019}
}
@article{lonvcarevic2021robot,
  title={Robot skill learning in latent space of a deep autoencoder neural network},
  author={Lon{\v{c}}arevi{\'c}, Zvezdan and Gams, Andrej and Ude, Ale{\v{s}} and others},
  journal={Robotics and Autonomous Systems},
  volume={135},
  pages={103690},
  year={2021},
  publisher={Elsevier}
}